@ARTICLE{ChatziioannouHan2020,
       author = {{Chatziioannou}, Katerina and {Han}, Sophia},
        title = "{Studying strong phase transitions in neutron stars with gravitational waves}",
      journal = {PhRvD},
     keywords = {General Relativity and Quantum Cosmology, Astrophysics - High Energy Astrophysical Phenomena, Nuclear Theory},
         year = 2020,
        month = feb,
       volume = {101},
       number = {4},
          eid = {044019},
        pages = {044019},
          doi = {10.1103/PhysRevD.101.044019},
archivePrefix = {arXiv},
       eprint = {1911.07091},
 primaryClass = {gr-qc},
       adsurl = {https://ui.adsabs.harvard.edu/abs/2020PhRvD.101d4019C},
      adsnote = {Provided by the SAO/NASA Astrophysics Data System}
}

@ARTICLE{HanSteiner2019,
       author = {{Han}, Sophia and {Steiner}, Andrew W.},
        title = "{Tidal deformability with sharp phase transitions in binary neutron stars}",
      journal = {PhRvD},
     keywords = {Nuclear Theory, Astrophysics - High Energy Astrophysical Phenomena, Astrophysics - Solar and Stellar Astrophysics},
         year = 2019,
        month = apr,
       volume = {99},
       number = {8},
          eid = {083014},
        pages = {083014},
          doi = {10.1103/PhysRevD.99.083014},
archivePrefix = {arXiv},
       eprint = {1810.10967},
 primaryClass = {nucl-th},
       adsurl = {https://ui.adsabs.harvard.edu/abs/2019PhRvD..99h3014H},
      adsnote = {Provided by the SAO/NASA Astrophysics Data System}
}

@ARTICLE{EspinoPaschalidis2022,
       author = {{Espino}, Pedro L. and {Paschalidis}, Vasileios},
        title = "{Fate of twin stars on the unstable branch: Implications for the formation of twin stars}",
      journal = {PhRvD},
     keywords = {Astrophysics - High Energy Astrophysical Phenomena},
         year = 2022,
        month = feb,
       volume = {105},
       number = {4},
          eid = {043014},
        pages = {043014},
          doi = {10.1103/PhysRevD.105.043014},
archivePrefix = {arXiv},
       eprint = {2105.05269},
 primaryClass = {astro-ph.HE},
       adsurl = {https://ui.adsabs.harvard.edu/abs/2022PhRvD.105d3014E},
      adsnote = {Provided by the SAO/NASA Astrophysics Data System}
}

@ARTICLE{LiSedrakian2021,
       author = {{Li}, Jia Jie and {Sedrakian}, Armen and {Alford}, Mark},
        title = "{Relativistic hybrid stars in light of the NICER PSR J 0740 +6620 radius measurement}",
      journal = {PhRvD},
         year = 2021,
        month = dec,
       volume = {104},
       number = {12},
          eid = {L121302},
        pages = {L121302},
          doi = {10.1103/PhysRevD.104.L121302},
          archivePrefix = {arXiv},
       eprint = {2108.13071},
       primaryClass = {astro-ph.HE},
       adsurl = {https://ui.adsabs.harvard.edu/abs/2021PhRvD.104l1302L},
      adsnote = {Provided by the SAO/NASA Astrophysics Data System}
}

@ARTICLE{DeloudisKoliogiannis2021,
       author = {{Deloudis}, T. and {Koliogiannis}, P.~S. and {Moustakidis}, Ch. C.},
        title = "{Twin stars: probe of phase transition from hadronic to quark matter}",
      journal = {arXiv},
     keywords = {Astrophysics - High Energy Astrophysical Phenomena, Nuclear Theory},
         year = 2021,
        month = jun,
          eid = {arXiv:2106.14488},
        pages = {arXiv:2106.14488},
archivePrefix = {arXiv},
       eprint = {2106.14488},
 primaryClass = {astro-ph.HE},
       adsurl = {https://ui.adsabs.harvard.edu/abs/2021arXiv210614488D},
      adsnote = {Provided by the SAO/NASA Astrophysics Data System}
}

@ARTICLE{ChristianSchaffner-Bielich2021,
       author = {{Christian}, Jan-Erik and {Schaffner-Bielich}, J{\"u}rgen},
        title = "{Supermassive neutron stars rule out twin stars}",
      journal = {PhRvD},
     keywords = {Astrophysics - High Energy Astrophysical Phenomena},
         year = 2021,
        month = mar,
       volume = {103},
       number = {6},
          eid = {063042},
        pages = {063042},
          doi = {10.1103/PhysRevD.103.063042},
archivePrefix = {arXiv},
       eprint = {2011.01001},
 primaryClass = {astro-ph.HE},
       adsurl = {https://ui.adsabs.harvard.edu/abs/2021PhRvD.103f3042C},
      adsnote = {Provided by the SAO/NASA Astrophysics Data System}
}

@ARTICLE{JakobusMotornenko2021,
       author = {{Jakobus}, P. and {Motornenko}, A. and {Gomes}, R.~O. and {Steinheimer}, J. and {Stoecker}, H.},
        title = "{The possibility of twin star solutions in a model based on lattice QCD thermodynamics}",
      journal = {EPJC},
     keywords = {Nuclear Theory, Astrophysics - High Energy Astrophysical Phenomena, Astrophysics - Solar and Stellar Astrophysics},
         year = 2021,
        month = jan,
       volume = {81},
       number = {1},
          eid = {41},
        pages = {41},
          doi = {10.1140/epjc/s10052-020-08779-x},
archivePrefix = {arXiv},
       eprint = {2004.07026},
 primaryClass = {nucl-th},
       adsurl = {https://ui.adsabs.harvard.edu/abs/2021EPJC...81...41J},
      adsnote = {Provided by the SAO/NASA Astrophysics Data System}
}

@ARTICLE{ChristianSchaffner-Bielich2020,
       author = {{Christian}, Jan-Erik and {Schaffner-Bielich}, J{\"u}rgen},
        title = "{Twin Stars and the Stiffness of the Nuclear Equation of State: Ruling Out Strong Phase Transitions below 1.7 n$_{0}$ with the New NICER Radius Measurements}",
      journal = {ApJL},
     keywords = {Neutron stars, Compact objects, 1108, 288, Astrophysics - High Energy Astrophysical Phenomena, Nuclear Theory},
         year = 2020,
        month = may,
       volume = {894},
       number = {1},
          eid = {L8},
        pages = {L8},
          doi = {10.3847/2041-8213/ab8af4},
archivePrefix = {arXiv},
       eprint = {1912.09809},
 primaryClass = {astro-ph.HE},
       adsurl = {https://ui.adsabs.harvard.edu/abs/2020ApJ...894L...8C},
      adsnote = {Provided by the SAO/NASA Astrophysics Data System}
}

@ARTICLE{BlaschkeAlvarez-Castillo2019,
       author = {{Blaschke}, David and {Alvarez-Castillo}, David Edwin and {Ayriyan}, Alexander and {Grigorian}, Hovik and {Khosravi Lagarni}, Noshad and {Weber}, Fridolin},
        title = "{Astrophysical aspects of general relativistic mass twin stars}",
      journal = {arXiv},
     keywords = {Astrophysics - High Energy Astrophysical Phenomena, Nuclear Theory},
         year = 2019,
        month = jun,
          eid = {arXiv:1906.02522},
        pages = {arXiv:1906.02522},
archivePrefix = {arXiv},
       eprint = {1906.02522},
 primaryClass = {astro-ph.HE},
       adsurl = {https://ui.adsabs.harvard.edu/abs/2019arXiv190602522B},
      adsnote = {Provided by the SAO/NASA Astrophysics Data System}
}

@ARTICLE{BenicBlaschke2015,
       author = {{Beni{\'c}}, Sanjin and {Blaschke}, David and {Alvarez-Castillo}, David E. and {Fischer}, Tobias and {Typel}, Stefan},
        title = "{A new quark-hadron hybrid equation of state for astrophysics. I. High-mass twin compact stars}",
      journal = {A\&A},
     keywords = {stars: neutron, stars: interiors, dense matter, equation of state, Astrophysics - High Energy Astrophysical Phenomena, High Energy Physics - Phenomenology, Nuclear Theory},
         year = 2015,
        month = may,
       volume = {577},
          eid = {A40},
        pages = {A40},
          doi = {10.1051/0004-6361/201425318},
archivePrefix = {arXiv},
       eprint = {1411.2856},
 primaryClass = {astro-ph.HE},
       adsurl = {https://ui.adsabs.harvard.edu/abs/2015A&A...577A..40B},
      adsnote = {Provided by the SAO/NASA Astrophysics Data System}
}

@ARTICLE{MontanaTolos2019,
       author = {{Monta{\~n}a}, Gl{\`o}ria and {Tol{\'o}s}, Laura and {Hanauske}, Matthias and {Rezzolla}, Luciano},
        title = "{Constraining twin stars with GW170817}",
      journal = {PhRvD},
     keywords = {Astrophysics - High Energy Astrophysical Phenomena, General Relativity and Quantum Cosmology, Nuclear Theory},
         year = 2019,
        month = may,
       volume = {99},
       number = {10},
          eid = {103009},
        pages = {103009},
          doi = {10.1103/PhysRevD.99.103009},
archivePrefix = {arXiv},
       eprint = {1811.10929},
 primaryClass = {astro-ph.HE},
       adsurl = {https://ui.adsabs.harvard.edu/abs/2019PhRvD..99j3009M},
      adsnote = {Provided by the SAO/NASA Astrophysics Data System}
}

@ARTICLE{PaschalidisYagi2018,
       author = {{Paschalidis}, Vasileios and {Yagi}, Kent and {Alvarez-Castillo}, David and {Blaschke}, David B. and {Sedrakian}, Armen},
        title = "{Implications from GW170817 and I-Love-Q relations for relativistic hybrid stars}",
      journal = {PhRvD},
     keywords = {Astrophysics - High Energy Astrophysical Phenomena, General Relativity and Quantum Cosmology, High Energy Physics - Phenomenology, Nuclear Theory},
         year = 2018,
        month = apr,
       volume = {97},
       number = {8},
          eid = {084038},
        pages = {084038},
          doi = {10.1103/PhysRevD.97.084038},
archivePrefix = {arXiv},
       eprint = {1712.00451},
 primaryClass = {astro-ph.HE},
       adsurl = {https://ui.adsabs.harvard.edu/abs/2018PhRvD..97h4038P},
      adsnote = {Provided by the SAO/NASA Astrophysics Data System}
}

@ARTICLE{AyriyanBastian2018,
       author = {{Ayriyan}, A. and {Bastian}, N. -U. and {Blaschke}, D. and {Grigorian}, H. and {Maslov}, K. and {Voskresensky}, D.~N.},
        title = "{Robustness of third family solutions for hybrid stars against mixed phase effects}",
      journal = {PhRvC},
     keywords = {Nuclear Theory, Astrophysics - High Energy Astrophysical Phenomena, High Energy Physics - Phenomenology},
         year = 2018,
        month = apr,
       volume = {97},
       number = {4},
          eid = {045802},
        pages = {045802},
          doi = {10.1103/PhysRevC.97.045802},
archivePrefix = {arXiv},
       eprint = {1711.03926},
 primaryClass = {nucl-th},
       adsurl = {https://ui.adsabs.harvard.edu/abs/2018PhRvC..97d5802A},
      adsnote = {Provided by the SAO/NASA Astrophysics Data System}
}

@ARTICLE{ChristianZacchi2018,
       author = {{Christian}, Jan-Erik and {Zacchi}, Andreas and {Schaffner-Bielich}, J{\"u}rgen},
        title = "{Classifications of twin star solutions for a constant speed of sound parameterized equation of state}",
      journal = {EPJA},
     keywords = {Astrophysics - High Energy Astrophysical Phenomena},
         year = 2018,
        month = feb,
       volume = {54},
       number = {2},
          eid = {28},
        pages = {28},
          doi = {10.1140/epja/i2018-12472-y},
archivePrefix = {arXiv},
       eprint = {1707.07524},
 primaryClass = {astro-ph.HE},
       adsurl = {https://ui.adsabs.harvard.edu/abs/2018EPJA...54...28C},
      adsnote = {Provided by the SAO/NASA Astrophysics Data System}
}

@ARTICLE{WangShi2022,
       author = {{Wang}, Qing-Wu and {Shi}, Chao and {Yan}, Yan and {Zong}, Hong-Shi},
        title = "{Exploring hybrid star EOS with constraints from tidal deformability of GW170817}",
      journal = {NuPhA},
     keywords = {Fierz transformation, Hybrid star, Tidal deformability},
         year = 2022,
        month = sep,
       volume = {1025},
          eid = {122489},
        pages = {122489},
          doi = {10.1016/j.nuclphysa.2022.122489},
          archivePrefix = {arXiv},
       eprint = {1912.02312},
 primaryClass = {astro-ph.HE},
       adsurl = {https://ui.adsabs.harvard.edu/abs/2022NuPhA102522489W},
      adsnote = {Provided by the SAO/NASA Astrophysics Data System}
}

@INPROCEEDINGS{FerreiraPereira2022,
       author = {{Ferreira}, M{\'a}rcio and {Pereira}, Renan C{\^a}mara and {Provid{\^e}ncia}, Constan{\c{c}}a},
        title = "{Hybrid stars from a constrained equation of state}",
     keywords = {Nuclear Theory, Astrophysics - High Energy Astrophysical Phenomena, High Energy Physics - Phenomenology},
    booktitle = {European Physical Journal Web of Conferences},
         year = 2022,
       series = {European Physical Journal Web of Conferences},
       volume = {258},
        month = aug,
          eid = {07001},
        pages = {07001},
          doi = {10.1051/epjconf/202225807001},
archivePrefix = {arXiv},
       eprint = {2112.05546},
 primaryClass = {nucl-th},
       adsurl = {https://ui.adsabs.harvard.edu/abs/2022EPJWC.25807001F},
      adsnote = {Provided by the SAO/NASA Astrophysics Data System}
}

@ARTICLE{JieLiSedrakian2022,
       author = {{Jie Li}, Jia and {Sedrakian}, Armen and {Alford}, Mark},
        title = "{Ultra-compact hybrid stars constrained by multimessenger astrophysics}",
      journal = {arXiv},
     keywords = {Astrophysics - High Energy Astrophysical Phenomena, High Energy Physics - Phenomenology},
         year = 2022,
        month = jul,
          eid = {arXiv:2207.09798},
        pages = {arXiv:2207.09798},
archivePrefix = {arXiv},
       eprint = {2207.09798},
 primaryClass = {astro-ph.HE},
       adsurl = {https://ui.adsabs.harvard.edu/abs/2022arXiv220709798J},
      adsnote = {Provided by the SAO/NASA Astrophysics Data System}
}

@ARTICLE{PereiraBejger2022,
       author = {{Pereira}, Jonas P. and {Bejger}, Micha{\l} and {Zdunik}, J. Leszek and {Haensel}, Pawe{\l}},
        title = "{Differentiating between sharp and smoother phase transitions in neutron stars}",
      journal = {PhRvD},
     keywords = {Astrophysics - High Energy Astrophysical Phenomena, General Relativity and Quantum Cosmology},
         year = 2022,
        month = jun,
       volume = {105},
       number = {12},
          eid = {123015},
        pages = {123015},
          doi = {10.1103/PhysRevD.105.123015},
archivePrefix = {arXiv},
       eprint = {2201.01217},
 primaryClass = {astro-ph.HE},
       adsurl = {https://ui.adsabs.harvard.edu/abs/2022PhRvD.105l3015P},
      adsnote = {Provided by the SAO/NASA Astrophysics Data System}
}

@ARTICLE{LopesBiesdorf2022,
       author = {{Lopes}, Luiz L. and {Biesdorf}, Carline and {Menezes}, Debora P.},
        title = "{Hypermassive quark cores}",
      journal = {MNRAS},
     keywords = {equation of state, stars: formation, stars: interiors, stars: massive, stars: neutron, High Energy Physics - Phenomenology, Astrophysics - High Energy Astrophysical Phenomena, Nuclear Theory},
         year = 2022,
        month = jun,
       volume = {512},
       number = {4},
        pages = {5110-5121},
          doi = {10.1093/mnras/stac793},
archivePrefix = {arXiv},
       eprint = {2111.13732},
 primaryClass = {hep-ph},
       adsurl = {https://ui.adsabs.harvard.edu/abs/2022MNRAS.512.5110L},
      adsnote = {Provided by the SAO/NASA Astrophysics Data System}
}

@ARTICLE{ZuoHuang2022,
       author = {{Zuo}, Bing-Jun and {Huang}, Yong-Feng and {Feng}, Hong-Tao},
        title = "{Hybrid stars and the QCD phase transition with an NJL-type model}",
      journal = {PhRvD},
     keywords = {Nuclear Theory, Astrophysics - High Energy Astrophysical Phenomena},
         year = 2022,
        month = apr,
       volume = {105},
       number = {7},
          eid = {074011},
        pages = {074011},
          doi = {10.1103/PhysRevD.105.074011},
archivePrefix = {arXiv},
       eprint = {2203.11791},
 primaryClass = {nucl-th},
       adsurl = {https://ui.adsabs.harvard.edu/abs/2022PhRvD.105g4011Z},
      adsnote = {Provided by the SAO/NASA Astrophysics Data System}
}

@ARTICLE{MitraSahoo2022,
       author = {{Mitra}, Gautam and {Sahoo}, Himanshu S. and {Mishra}, Rabindranath and {Panda}, Prafulla K.},
        title = "{Hybrid stars in a relativistic quark model}",
      journal = {PhRvC},
         year = 2022,
        month = apr,
       volume = {105},
       number = {4},
          eid = {045802},
        pages = {045802},
          doi = {10.1103/PhysRevC.105.045802},
       adsurl = {https://ui.adsabs.harvard.edu/abs/2022PhRvC.105d5802M},
      adsnote = {Provided by the SAO/NASA Astrophysics Data System}
}

@ARTICLE{LVC_GW170817source,
       author = {{Abbott}, B.~P. and {Abbott}, R. and {Abbott}, T.~D. and {Acernese}, F. and {Ackley}, K. and others},
        title = "{Properties of the Binary Neutron Star Merger GW170817}",
      journal = {PhRvX},
     keywords = {General Relativity and Quantum Cosmology, Astrophysics - High Energy Astrophysical Phenomena},
         year = 2019,
        month = jan,
       volume = {9},
       number = {1},
          eid = {011001},
        pages = {011001},
          doi = {10.1103/PhysRevX.9.011001},
archivePrefix = {arXiv},
       eprint = {1805.11579},
 primaryClass = {gr-qc},
       adsurl = {https://ui.adsabs.harvard.edu/abs/2019PhRvX...9a1001A},
      adsnote = {Provided by the SAO/NASA Astrophysics Data System}
}

@ARTICLE{LiYan2022,
       author = {{Li}, Bo-Lin and {Yan}, Yan and {Kang}, Guang-Zhen and {Ping}, Jia-Lun},
        title = "{Properties of hybrid stars with hadron-quark crossover}",
      journal = {MPLA},
     keywords = {Quark{\textendash}hadron crossover, equation of state, hybrid star, tidal deformability},
         year = 2022,
        month = apr,
       volume = {37},
       number = {12},
          eid = {2250074},
        pages = {2250074},
          doi = {10.1142/S0217732322500742},
       adsurl = {https://ui.adsabs.harvard.edu/abs/2022MPLA...3750074L},
      adsnote = {Provided by the SAO/NASA Astrophysics Data System}
}

@ARTICLE{LiYan2022,
       author = {{Li}, Bo-Lin and {Yan}, Yan and {Ping}, Jia-Lun},
        title = "{Hadron-quark crossover and hybrid stars with quark core}",
      journal = {JPhG},
     keywords = {hadron-quark crossover, hybrid star, tidal deformability, equation of state, strange quark matter},
         year = 2022,
        month = apr,
       volume = {49},
       number = {4},
          eid = {045201},
        pages = {045201},
          doi = {10.1088/1361-6471/ac4ea1},
       adsurl = {https://ui.adsabs.harvard.edu/abs/2022JPhG...49d5201L},
      adsnote = {Provided by the SAO/NASA Astrophysics Data System}
}

@ARTICLE{AntoniadisFreire2013,
       author = {{Antoniadis}, John and {Freire}, Paulo C.~C. and {Wex}, Norbert and {Tauris}, Thomas M. and {Lynch}, Ryan S. and others},
        title = "{A Massive Pulsar in a Compact Relativistic Binary}",
      journal = {Sci},
     keywords = {Pulsars, Neutron Stars, General relativity, Tests of General relativity, Gravitational Radiation, Stellar evolution, ASTRONOMY, ONLINE Astronomy, Applied-Physics, Planetary-Science, Astrophysics - High Energy Astrophysical Phenomena, Astrophysics - Solar and Stellar Astrophysics, Condensed Matter - Quantum Gases, General Relativity and Quantum Cosmology},
         year = 2013,
        month = apr,
       volume = {340},
       number = {6131},
        pages = {448},
          doi = {10.1126/science.1233232},
archivePrefix = {arXiv},
       eprint = {1304.6875},
 primaryClass = {astro-ph.HE},
       adsurl = {https://ui.adsabs.harvard.edu/abs/2013Sci...340..448A},
      adsnote = {Provided by the SAO/NASA Astrophysics Data System}
}

@ARTICLE{PfaffHansen2022,
       author = {{Pfaff}, Antoine and {Hansen}, Hubert and {Gulminelli}, Francesca},
        title = "{Bayesian analysis of the properties of hybrid stars with the Nambu-Jona-Lasinio model}",
      journal = {PhRvC},
     keywords = {Astrophysics - High Energy Astrophysical Phenomena, High Energy Physics - Phenomenology, Nuclear Theory},
         year = 2022,
        month = mar,
       volume = {105},
       number = {3},
          eid = {035802},
        pages = {035802},
          doi = {10.1103/PhysRevC.105.035802},
archivePrefix = {arXiv},
       eprint = {2112.09595},
 primaryClass = {astro-ph.HE},
       adsurl = {https://ui.adsabs.harvard.edu/abs/2022PhRvC.105c5802P},
      adsnote = {Provided by the SAO/NASA Astrophysics Data System}
}

@ARTICLE{SenAlam2021,
       author = {{Sen}, Debashree and {Alam}, Naosad and {Chaudhuri}, Gargi},
        title = "{Properties of hybrid stars with a density-dependent bag model}",
      journal = {JPhG},
     keywords = {neutron star, hadron-quark phase transition, hybrid star, Nuclear Theory},
         year = 2021,
        month = oct,
       volume = {48},
       number = {10},
          eid = {105201},
        pages = {105201},
          doi = {10.1088/1361-6471/ac1713},
archivePrefix = {arXiv},
       eprint = {2107.08971},
 primaryClass = {nucl-th},
       adsurl = {https://ui.adsabs.harvard.edu/abs/2021JPhG...48j5201S},
      adsnote = {Provided by the SAO/NASA Astrophysics Data System}
}

@ARTICLE{LugonesMariani2021,
       author = {{Lugones}, Germ{\'a}n and {Mariani}, Mauro and {Ranea-Sandoval}, Ignacio F.},
        title = "{Slow stable hybrid stars: a new class of compact stars that fulfills all current observational constraints}",
      journal = {arXiv},
     keywords = {Nuclear Theory, Astrophysics - High Energy Astrophysical Phenomena, Astrophysics - Solar and Stellar Astrophysics, High Energy Physics - Phenomenology},
         year = 2021,
        month = jun,
          eid = {arXiv:2106.10380},
        pages = {arXiv:2106.10380},
archivePrefix = {arXiv},
       eprint = {2106.10380},
 primaryClass = {nucl-th},
       adsurl = {https://ui.adsabs.harvard.edu/abs/2021arXiv210610380L},
      adsnote = {Provided by the SAO/NASA Astrophysics Data System}
}

@ARTICLE{FerreiraPereira2021,
       author = {{Ferreira}, M{\'a}rcio and {Pereira}, Renan C{\^a}mara and {Provid{\^e}ncia}, Constan{\c{c}}a},
        title = "{Hybrid stars with large strange quark cores constrained by GW170817}",
      journal = {PhRvD},
     keywords = {Nuclear Theory, High Energy Physics - Phenomenology},
         year = 2021,
        month = jun,
       volume = {103},
       number = {12},
          eid = {123020},
        pages = {123020},
          doi = {10.1103/PhysRevD.103.123020},
archivePrefix = {arXiv},
       eprint = {2105.06239},
 primaryClass = {nucl-th},
       adsurl = {https://ui.adsabs.harvard.edu/abs/2021PhRvD.103l3020F},
      adsnote = {Provided by the SAO/NASA Astrophysics Data System}
}

@ARTICLE{JoshiSau2021,
       author = {{Joshi}, Salil and {Sau}, Sovan and {Sanyal}, Soma},
        title = "{Quark cores in extensions of the MIT bag model}",
      journal = {JHEAp},
     keywords = {Strange matter, Stability, Equation of state, Nuclear Theory, High Energy Physics - Phenomenology},
         year = 2021,
        month = jun,
       volume = {30},
        pages = {16-23},
          doi = {10.1016/j.jheap.2021.03.001},
archivePrefix = {arXiv},
       eprint = {2002.07647},
 primaryClass = {nucl-th},
       adsurl = {https://ui.adsabs.harvard.edu/abs/2021JHEAp..30...16J},
      adsnote = {Provided by the SAO/NASA Astrophysics Data System}
}

@ARTICLE{CierniakBlaschke2021,
       author = {{Cierniak}, Mateusz and {Blaschke}, David},
        title = "{Hybrid neutron stars in the mass-radius diagram}",
      journal = {AN},
     keywords = {neutron stars, quark deconfinement, special point, maximum mass, GW170817, GW190814, PSR J0740{\,}+{\,}6620, Nuclear Theory, Astrophysics - High Energy Astrophysical Phenomena, High Energy Physics - Phenomenology},
         year = 2021,
        month = jun,
       volume = {342},
       number = {5},
        pages = {819-825},
          doi = {10.1002/asna.202114000},
archivePrefix = {arXiv},
       eprint = {2106.06986},
 primaryClass = {nucl-th},
       adsurl = {https://ui.adsabs.harvard.edu/abs/2021AN....342..819C},
      adsnote = {Provided by the SAO/NASA Astrophysics Data System}
}

@ARTICLE{LiMiao2021,
       author = {{Li}, Ang and {Miao}, Zhiqiang and {Han}, Sophia and {Zhang}, Bing},
        title = "{Constraints on the Maximum Mass of Neutron Stars with a Quark Core from GW170817 and NICER PSR J0030+0451 Data}",
      journal = {ApJ},
     keywords = {Neutron star cores, Neutron stars, Gravitational waves, Gamma-ray bursts, 1107, 1108, 678, 629, Astrophysics - High Energy Astrophysical Phenomena, Astrophysics - Solar and Stellar Astrophysics, Nuclear Theory},
         year = 2021,
        month = may,
       volume = {913},
       number = {1},
          eid = {27},
        pages = {27},
          doi = {10.3847/1538-4357/abf355},
archivePrefix = {arXiv},
       eprint = {2103.15119},
 primaryClass = {astro-ph.HE},
       adsurl = {https://ui.adsabs.harvard.edu/abs/2021ApJ...913...27L},
      adsnote = {Provided by the SAO/NASA Astrophysics Data System}
}

@ARTICLE{ZhangLin2020,
       author = {{Zhang}, Kilar and {Lin}, Feng-Li},
        title = "{Constraint on Hybrid Stars with Gravitational Wave Events}",
      journal = {Univ},
     keywords = {Astrophysics - High Energy Astrophysical Phenomena, General Relativity and Quantum Cosmology, High Energy Physics - Phenomenology, High Energy Physics - Theory},
         year = 2020,
        month = dec,
       volume = {6},
       number = {12},
        pages = {231},
          doi = {10.3390/universe6120231},
archivePrefix = {arXiv},
       eprint = {2011.05104},
 primaryClass = {astro-ph.HE},
       adsurl = {https://ui.adsabs.harvard.edu/abs/2020Univ....6..231Z},
      adsnote = {Provided by the SAO/NASA Astrophysics Data System}
}

@ARTICLE{BausweinBlacker2020,
       author = {{Bauswein}, Andreas and {Blacker}, Sebastian},
        title = "{Impact of quark deconfinement in neutron star mergers and hybrid star mergers}",
      journal = {EPJST},
     keywords = {Astrophysics - High Energy Astrophysical Phenomena, High Energy Physics - Phenomenology},
         year = 2020,
        month = dec,
       volume = {229},
       number = {22-23},
        pages = {3595-3604},
          doi = {10.1140/epjst/e2020-000138-7},
archivePrefix = {arXiv},
       eprint = {2006.16183},
 primaryClass = {astro-ph.HE},
       adsurl = {https://ui.adsabs.harvard.edu/abs/2020EPJST.229.3595B},
      adsnote = {Provided by the SAO/NASA Astrophysics Data System}
}

@ARTICLE{MiaoLi2020,
       author = {{Miao}, Zhiqiang and {Li}, Ang and {Zhu}, Zhenyu and {Han}, Sophia},
        title = "{Constraining Hadron-quark Phase Transition Parameters within the Quark-mean-field Model Using Multimessenger Observations of Neutron Stars}",
      journal = {ApJ},
     keywords = {Neutron star cores, Neutron stars, 1107, 1108, Nuclear Theory, Astrophysics - High Energy Astrophysical Phenomena, Astrophysics - Solar and Stellar Astrophysics},
         year = 2020,
        month = dec,
       volume = {904},
       number = {2},
          eid = {103},
        pages = {103},
          doi = {10.3847/1538-4357/abbd41},
archivePrefix = {arXiv},
       eprint = {2006.00839},
 primaryClass = {nucl-th},
       adsurl = {https://ui.adsabs.harvard.edu/abs/2020ApJ...904..103M},
      adsnote = {Provided by the SAO/NASA Astrophysics Data System}
}

@ARTICLE{Alvarez-CastilloBlaschke2017,
       author = {{Alvarez-Castillo}, D.~E. and {Blaschke}, D.~B.},
        title = "{High-mass twin stars with a multipolytrope equation of state}",
      journal = {PhRvC},
     keywords = {Nuclear Theory, Astrophysics - High Energy Astrophysical Phenomena},
         year = 2017,
        month = oct,
       volume = {96},
       number = {4},
          eid = {045809},
        pages = {045809},
          doi = {10.1103/PhysRevC.96.045809},
archivePrefix = {arXiv},
       eprint = {1703.02681},
 primaryClass = {nucl-th},
       adsurl = {https://ui.adsabs.harvard.edu/abs/2017PhRvC..96d5809A},
      adsnote = {Provided by the SAO/NASA Astrophysics Data System}
}

@ARTICLE{ChristianSchaffner-Bielich2022,
       author = {{Christian}, Jan-Erik and {Schaffner-Bielich}, J{\"u}rgen},
        title = "{Confirming the Existence of Twin Stars in a NICER Way}",
      journal = {ApJ},
     keywords = {Neutron star cores, Pulsars, Compact objects, Nuclear astrophysics, 1107, 1306, 288, 1129, Astrophysics - High Energy Astrophysical Phenomena, Nuclear Theory},
         year = 2022,
        month = aug,
       volume = {935},
       number = {2},
          eid = {122},
        pages = {122},
          doi = {10.3847/1538-4357/ac75cf},
archivePrefix = {arXiv},
       eprint = {2109.04191},
 primaryClass = {astro-ph.HE},
       adsurl = {https://ui.adsabs.harvard.edu/abs/2022ApJ...935..122C},
      adsnote = {Provided by the SAO/NASA Astrophysics Data System}
}

@ARTICLE{ShahrbafBlaschke2020,
       author = {{Shahrbaf}, M. and {Blaschke}, D. and {Khanmohamadi}, S.},
        title = "{Mixed phase transition from hypernuclear matter to deconfined quark matter fulfilling mass-radius constraints of neutron stars}",
      journal = {JPhG},
     keywords = {neutron star, equation of state, hyper nuclear matter, mixed phase transition, quark matter, Nuclear Theory, Astrophysics - High Energy Astrophysical Phenomena, High Energy Physics - Phenomenology},
         year = 2020,
        month = nov,
       volume = {47},
       number = {11},
          eid = {115201},
        pages = {115201},
          doi = {10.1088/1361-6471/abaa9a},
archivePrefix = {arXiv},
       eprint = {2004.14377},
 primaryClass = {nucl-th},
       adsurl = {https://ui.adsabs.harvard.edu/abs/2020JPhG...47k5201S},
      adsnote = {Provided by the SAO/NASA Astrophysics Data System}
}

@ARTICLE{GWTC2,
       author = {{Abbott}, R. and {Abbott}, T.~D. and {Abraham}, S. and {Acernese}, F. and {Ackley}, K. and {Adams}, A. and {Adams}, C. and {Adhikari}, R.~X. and {Adya}, V.~B. and {Affeldt}, C. and et al.},
        title = "{GWTC-2: Compact Binary Coalescences Observed by LIGO and Virgo During the First Half of the Third Observing Run}",
      journal = {arXiv e-prints},
     keywords = {General Relativity and Quantum Cosmology, Astrophysics - High Energy Astrophysical Phenomena},
         year = 2020,
        month = oct,
          eid = {arXiv:2010.14527},
        pages = {arXiv:2010.14527},
archivePrefix = {arXiv},
       eprint = {2010.14527},
 primaryClass = {gr-qc},
       adsurl = {https://ui.adsabs.harvard.edu/abs/2020arXiv201014527A},
      adsnote = {Provided by the SAO/NASA Astrophysics Data System}
}

@ARTICLE{LandryPoisson2014,
       author = {{Landry}, Philippe and {Poisson}, Eric},
        title = "{Relativistic theory of surficial Love numbers}",
      journal = {PhRvD},
     keywords = {04.20.-q, 04.25.Nx, 04.40.Dg, Classical general relativity, Post-Newtonian approximation, perturbation theory, related approximations, Relativistic stars: structure stability and oscillations, General Relativity and Quantum Cosmology},
         year = 2014,
        month = jun,
       volume = {89},
       number = {12},
          eid = {124011},
        pages = {124011},
          doi = {10.1103/PhysRevD.89.124011},
archivePrefix = {arXiv},
       eprint = {1404.6798},
 primaryClass = {gr-qc},
       adsurl = {https://ui.adsabs.harvard.edu/abs/2014PhRvD..89l4011L},
      adsnote = {Provided by the SAO/NASA Astrophysics Data System}
}

@ARTICLE{FonsecaCromartie2021,
       author = {{Fonseca}, E. and {Cromartie}, H.~T. and {Pennucci}, T.~T. and {Ray}, P.~S. and {Kirichenko}, A. Yu. and others},
        title = "{Refined Mass and Geometric Measurements of the High-mass PSR J0740+6620}",
      journal = {ApJL},
     keywords = {Neutron stars, Pulsars, General relativity, Compact objects, Binary pulsars, 1108, 1306, 641, 288, 153, Astrophysics - High Energy Astrophysical Phenomena},
         year = 2021,
        month = jul,
       volume = {915},
       number = {1},
          eid = {L12},
        pages = {L12},
          doi = {10.3847/2041-8213/ac03b8},
archivePrefix = {arXiv},
       eprint = {2104.00880},
 primaryClass = {astro-ph.HE},
       adsurl = {https://ui.adsabs.harvard.edu/abs/2021ApJ...915L..12F},
      adsnote = {Provided by the SAO/NASA Astrophysics Data System}
}

@ARTICLE{CromartieFonseca2020,
       author = {{Cromartie}, H.~T. and {Fonseca}, E. and {Ransom}, S.~M. and {Demorest}, P.~B. and {Arzoumanian}, Z. and others},
        title = "{Relativistic Shapiro delay measurements of an extremely massive millisecond pulsar}",
      journal = {NatAs},
     keywords = {Astrophysics - High Energy Astrophysical Phenomena},
         year = 2020,
        month = jan,
       volume = {4},
        pages = {72-76},
          doi = {10.1038/s41550-019-0880-2},
archivePrefix = {arXiv},
       eprint = {1904.06759},
 primaryClass = {astro-ph.HE},
       adsurl = {https://ui.adsabs.harvard.edu/abs/2020NatAs...4...72C},
      adsnote = {Provided by the SAO/NASA Astrophysics Data System}
}

@ARTICLE{LVK_O3bPop,
       author = {{Abbott}, R. and {Abbott}, T.~D. and {Acernese}, F. and {Ackley}, K. and {Adams}, C. and others},
        title = "{The population of merging compact binaries inferred using gravitational waves through GWTC-3}",
      journal = {arXiv},
     keywords = {Astrophysics - High Energy Astrophysical Phenomena, General Relativity and Quantum Cosmology},
         year = 2021,
        month = nov,
          eid = {arXiv:2111.03634},
        pages = {arXiv:2111.03634},
archivePrefix = {arXiv},
       eprint = {2111.03634},
 primaryClass = {astro-ph.HE},
       adsurl = {https://ui.adsabs.harvard.edu/abs/2021arXiv211103634T},
      adsnote = {Provided by the SAO/NASA Astrophysics Data System}
}

@ARTICLE{MadauDickinson2014,
       author = {{Madau}, Piero and {Dickinson}, Mark},
        title = "{Cosmic Star-Formation History}",
      journal = {ARA\&A},
     keywords = {Astrophysics - Cosmology and Nongalactic Astrophysics},
         year = 2014,
        month = aug,
       volume = {52},
        pages = {415-486},
          doi = {10.1146/annurev-astro-081811-125615},
archivePrefix = {arXiv},
       eprint = {1403.0007},
 primaryClass = {astro-ph.CO},
       adsurl = {https://ui.adsabs.harvard.edu/abs/2014ARA&A..52..415M},
      adsnote = {Provided by the SAO/NASA Astrophysics Data System}
}

@ARTICLE{LandryRead2021,
       author = {{Landry}, Philippe and {Read}, Jocelyn S.},
        title = "{The Mass Distribution of Neutron Stars in Gravitational-wave Binaries}",
      journal = {ApJL},
     keywords = {Neutron stars, Gravitational waves, Compact objects, Bayesian statistics, 1108, 678, 288, 1900, Astrophysics - High Energy Astrophysical Phenomena, General Relativity and Quantum Cosmology},
         year = 2021,
        month = nov,
       volume = {921},
       number = {2},
          eid = {L25},
        pages = {L25},
          doi = {10.3847/2041-8213/ac2f3e},
archivePrefix = {arXiv},
       eprint = {2107.04559},
 primaryClass = {astro-ph.HE},
       adsurl = {https://ui.adsabs.harvard.edu/abs/2021ApJ...921L..25L},
      adsnote = {Provided by the SAO/NASA Astrophysics Data System}
}

@ARTICLE{GW170817,
       author = {{Abbott}, B.~P. and {Abbott}, R. and {Abbott}, T.~D. and {Acernese}, F. and {Ackley}, K. and others},
        title = "{GW170817: Observation of Gravitational Waves from a Binary Neutron Star Inspiral}",
      journal = {\prl},
     keywords = {General Relativity and Quantum Cosmology, Astrophysics - High Energy Astrophysical Phenomena},
         year = 2017,
        month = oct,
       volume = {119},
       number = {16},
          eid = {161101},
        pages = {161101},
          doi = {10.1103/PhysRevLett.119.161101},
archivePrefix = {arXiv},
       eprint = {1710.05832},
 primaryClass = {gr-qc},
       adsurl = {https://ui.adsabs.harvard.edu/abs/2017PhRvL.119p1101A},
      adsnote = {Provided by the SAO/NASA Astrophysics Data System}
}

@ARTICLE{OppenheimerVolkoff1939,
       author = {{Oppenheimer}, J.~R. and {Volkoff}, G.~M.},
        title = "{On Massive Neutron Cores}",
      journal = {PhRv},
         year = 1939,
        month = feb,
       volume = {55},
       number = {4},
        pages = {374-381},
          doi = {10.1103/PhysRev.55.374},
       adsurl = {https://ui.adsabs.harvard.edu/abs/1939PhRv...55..374O},
      adsnote = {Provided by the SAO/NASA Astrophysics Data System}
}

@ARTICLE{Tolman1939,
       author = {{Tolman}, Richard C.},
        title = "{Static Solutions of Einstein's Field Equations for Spheres of Fluid}",
      journal = {PhRv},
         year = 1939,
        month = feb,
       volume = {55},
       number = {4},
        pages = {364-373},
          doi = {10.1103/PhysRev.55.364},
       adsurl = {https://ui.adsabs.harvard.edu/abs/1939PhRv...55..364T},
      adsnote = {Provided by the SAO/NASA Astrophysics Data System}
}

@ARTICLE{FlanaganHinderer2008,
       author = {{Flanagan}, {\'E}anna {\'E}. and {Hinderer}, Tanja},
        title = "{Constraining neutron-star tidal Love numbers with gravitational-wave detectors}",
      journal = {PhRvD},
     keywords = {04.30.Db, 04.40.Dg, 95.85.Sz, 97.60.Jd, Wave generation and sources, Relativistic stars: structure stability and oscillations, Gravitational radiation magnetic fields and other observations, Neutron stars, Astrophysics, General Relativity and Quantum Cosmology},
         year = 2008,
        month = jan,
       volume = {77},
       number = {2},
          eid = {021502},
        pages = {021502},
          doi = {10.1103/PhysRevD.77.021502},
archivePrefix = {arXiv},
       eprint = {0709.1915},
 primaryClass = {astro-ph},
       adsurl = {https://ui.adsabs.harvard.edu/abs/2008PhRvD..77b1502F},
      adsnote = {Provided by the SAO/NASA Astrophysics Data System}
}

@ARTICLE{Hinderer2008,
       author = {{Hinderer}, Tanja},
        title = "{Tidal Love Numbers of Neutron Stars}",
      journal = {ApJ},
     keywords = {equation of state, gravitation, relativity, stars: neutron, Astrophysics, General Relativity and Quantum Cosmology},
         year = 2008,
        month = apr,
       volume = {677},
       number = {2},
        pages = {1216-1220},
          doi = {10.1086/533487},
archivePrefix = {arXiv},
       eprint = {0711.2420},
 primaryClass = {astro-ph},
       adsurl = {https://ui.adsabs.harvard.edu/abs/2008ApJ...677.1216H},
      adsnote = {Provided by the SAO/NASA Astrophysics Data System}
}

@ARTICLE{GW190425,
       author = {{Abbott}, B.~P. and {Abbott}, R. and {Abbott}, T.~D. and {Abraham}, S. and {Acernese}, F. and {Ackley}, K. and {Adams}, C. and {Adhikari}, R.~X. and {Adya}, V.~B. and {Affeldt}, C. and et al.},
        title = "{GW190425: Observation of a Compact Binary Coalescence with Total Mass {\ensuremath{\sim}} 3.4 M$_{☉}$}",
      journal = {ApJL},
     keywords = {1108, 678, Astrophysics - High Energy Astrophysical Phenomena, General Relativity and Quantum Cosmology},
         year = 2020,
        month = mar,
       volume = {892},
       number = {1},
          eid = {L3},
        pages = {L3},
          doi = {10.3847/2041-8213/ab75f5},
archivePrefix = {arXiv},
       eprint = {2001.01761},
 primaryClass = {astro-ph.HE},
       adsurl = {https://ui.adsabs.harvard.edu/abs/2020ApJ...892L...3A},
      adsnote = {Provided by the SAO/NASA Astrophysics Data System}
}

@ARTICLE{aLIGO,
       author = {{Aasi}, J. and {Abbott}, B.~P. and {Abbott}, R. and {Abbott}, T. and {Abernathy}, M.~R. and others},
        title = "{Advanced LIGO}",
      journal = {Classical and Quantum Gravity},
     keywords = {General Relativity and Quantum Cosmology, Astrophysics - Instrumentation and Methods for Astrophysics, Physics - Instrumentation and Detectors},
         year = 2015,
        month = apr,
       volume = {32},
       number = {7},
          eid = {074001},
        pages = {074001},
          doi = {10.1088/0264-9381/32/7/074001},
archivePrefix = {arXiv},
       eprint = {1411.4547},
 primaryClass = {gr-qc},
       adsurl = {https://ui.adsabs.harvard.edu/abs/2015CQGra..32g4001L},
      adsnote = {Provided by the SAO/NASA Astrophysics Data System}
}

@ARTICLE{aVirgo,
       author = {{Acernese}, F. and {Agathos}, M. and {Agatsuma}, K. and {Aisa}, D. and {Allemandou}, N. and others},
        title = "{Advanced Virgo: a second-generation interferometric gravitational wave detector}",
      journal = {Classical and Quantum Gravity},
     keywords = {General Relativity and Quantum Cosmology, Physics - Instrumentation and Detectors},
         year = 2015,
        month = jan,
       volume = {32},
       number = {2},
          eid = {024001},
        pages = {024001},
          doi = {10.1088/0264-9381/32/2/024001},
archivePrefix = {arXiv},
       eprint = {1408.3978},
 primaryClass = {gr-qc},
       adsurl = {https://ui.adsabs.harvard.edu/abs/2015CQGra..32b4001A},
      adsnote = {Provided by the SAO/NASA Astrophysics Data System}
}

@ARTICLE{EvansAdhikari2021,
       author = {{Evans}, Matthew and {Adhikari}, Rana X and {Afle}, Chaitanya and {Ballmer}, Stefan W. and {Biscoveanu}, Sylvia and others},
        title = "{A Horizon Study for Cosmic Explorer: Science, Observatories, and Community}",
      journal = {arXiv},
     keywords = {Astrophysics - Instrumentation and Methods for Astrophysics, Astrophysics - High Energy Astrophysical Phenomena, General Relativity and Quantum Cosmology},
         year = 2021,
        month = sep,
          eid = {arXiv:2109.09882},
        pages = {arXiv:2109.09882},
archivePrefix = {arXiv},
       eprint = {2109.09882},
 primaryClass = {astro-ph.IM},
       adsurl = {https://ui.adsabs.harvard.edu/abs/2021arXiv210909882E},
      adsnote = {Provided by the SAO/NASA Astrophysics Data System}
}

@ARTICLE{Gerlach1968,
       author = {{Gerlach}, Ulrich H.},
        title = "{Equation of State at Supranuclear Densities and the Existence of a Third Family of Superdense Stars}",
      journal = {PhRv},
         year = 1968,
        month = aug,
       volume = {172},
       number = {5},
        pages = {1325-1330},
          doi = {10.1103/PhysRev.172.1325},
       adsurl = {https://ui.adsabs.harvard.edu/abs/1968PhRv..172.1325G},
      adsnote = {Provided by the SAO/NASA Astrophysics Data System}
}

@ARTICLE{MaggioreVanDenBroeck2020,
       author = {{Maggiore}, Michele and {Van Den Broeck}, Chris and {Bartolo}, Nicola and {Belgacem}, Enis and {Bertacca}, Daniele and others},
        title = "{Science case for the Einstein telescope}",
      journal = {JCAP},
     keywords = {Astrophysics - Cosmology and Nongalactic Astrophysics, Astrophysics - High Energy Astrophysical Phenomena, General Relativity and Quantum Cosmology},
         year = 2020,
        month = mar,
       volume = {2020},
       number = {3},
          eid = {050},
        pages = {050},
          doi = {10.1088/1475-7516/2020/03/050},
archivePrefix = {arXiv},
       eprint = {1912.02622},
 primaryClass = {astro-ph.CO},
       adsurl = {https://ui.adsabs.harvard.edu/abs/2020JCAP...03..050M},
      adsnote = {Provided by the SAO/NASA Astrophysics Data System}
}

@ARTICLE{MandelFarr2019,
       author = {{Mandel}, Ilya and {Farr}, Will M. and {Gair}, Jonathan R.},
        title = "{Extracting distribution parameters from multiple uncertain observations with selection biases}",
      journal = {Mon. Not. Royal Astron. Soc.},
     keywords = {gravitational waves, methods: data analysis, stars: neutron, Physics - Data Analysis, Statistics and Probability, Astrophysics - High Energy Astrophysical Phenomena},
         year = 2019,
        month = jun,
       volume = {486},
       number = {1},
        pages = {1086-1093},
          doi = {10.1093/mnras/stz896},
archivePrefix = {arXiv},
       eprint = {1809.02063},
 primaryClass = {physics.data-an},
       adsurl = {https://ui.adsabs.harvard.edu/abs/2019MNRAS.486.1086M},
      adsnote = {Provided by the SAO/NASA Astrophysics Data System}
}

@ARTICLE{FarrowZhu2019,
       author = {{Farrow}, Nicholas and {Zhu}, Xing-Jiang and {Thrane}, Eric},
        title = "{The Mass Distribution of Galactic Double Neutron Stars}",
      journal = {\apj},
     keywords = {gravitational waves, methods: data analysis, pulsars: general, stars: neutron, Astrophysics - High Energy Astrophysical Phenomena, Astrophysics - Instrumentation and Methods for Astrophysics, Astrophysics - Solar and Stellar Astrophysics, General Relativity and Quantum Cosmology},
         year = 2019,
        month = may,
       volume = {876},
       number = {1},
          eid = {18},
        pages = {18},
          doi = {10.3847/1538-4357/ab12e3},
archivePrefix = {arXiv},
       eprint = {1902.03300},
 primaryClass = {astro-ph.HE},
       adsurl = {https://ui.adsabs.harvard.edu/abs/2019ApJ...876...18F},
      adsnote = {Provided by the SAO/NASA Astrophysics Data System}
}


@ARTICLE{Han:2018mtj,
    author = "Han, Sophia and Steiner, Andrew W.",
    title = "{Tidal deformability with sharp phase transitions in (binary) neutron stars}",
    eprint = "1810.10967",
    archivePrefix = "arXiv",
    primaryClass = "nucl-th",
    doi = "10.1103/PhysRevD.99.083014",
    journal = "Phys. Rev. D",
    volume = "99",
    number = "8",
    pages = "083014",
    year = "2019"
}

@ARTICLE{ChatziioannouFarr2020,
       author = {{Chatziioannou}, Katerina and {Farr}, Will M.},
        title = "{Inferring the maximum and minimum mass of merging neutron stars with gravitational waves}",
      journal = {PhRvD},
     keywords = {Astrophysics - High Energy Astrophysical Phenomena, General Relativity and Quantum Cosmology},
         year = 2020,
        month = sep,
       volume = {102},
       number = {6},
          eid = {064063},
        pages = {064063},
          doi = {10.1103/PhysRevD.102.064063},
archivePrefix = {arXiv},
       eprint = {2005.00482},
 primaryClass = {astro-ph.HE},
       adsurl = {https://ui.adsabs.harvard.edu/abs/2020PhRvD.102f4063C},
      adsnote = {Provided by the SAO/NASA Astrophysics Data System}
}

@ARTICLE{TsaloukidisKoliogiannis2022,
       author = {{Tsaloukidis}, L. and {Koliogiannis}, P.~S. and {Kanakis-Pegios}, A. and {Moustakidis}, Ch. C.},
        title = "{Twin stars as probes of the nuclear equation of state: effects of rotation through the PSR J0952-0607 pulsar and constraints via the tidal deformability from the GW170817 event}",
      journal = {arXiv},
     keywords = {Astrophysics - High Energy Astrophysical Phenomena, Nuclear Theory},
         year = 2022,
        month = oct,
          eid = {arXiv:2210.15644},
        pages = {arXiv:2210.15644},
archivePrefix = {arXiv},
       eprint = {2210.15644},
 primaryClass = {astro-ph.HE},
       adsurl = {https://ui.adsabs.harvard.edu/abs/2022arXiv221015644T},
      adsnote = {Provided by the SAO/NASA Astrophysics Data System}
}

@ARTICLE{AlsingSilva2018,
       author = {{Alsing}, Justin and {Silva}, Hector O. and {Berti}, Emanuele},
        title = "{Evidence for a maximum mass cut-off in the neutron star mass distribution and constraints on the equation of state}",
      journal = {Mon. Not. Royal Astron. Soc.},
     keywords = {equation of state, stars: neutron, Astrophysics - High Energy Astrophysical Phenomena, General Relativity and Quantum Cosmology, Nuclear Theory},
         year = 2018,
        month = jul,
       volume = {478},
       number = {1},
        pages = {1377-1391},
          doi = {10.1093/mnras/sty1065},
archivePrefix = {arXiv},
       eprint = {1709.07889},
 primaryClass = {astro-ph.HE},
       adsurl = {https://ui.adsabs.harvard.edu/abs/2018MNRAS.478.1377A},
      adsnote = {Provided by the SAO/NASA Astrophysics Data System}
}

@ARTICLE{FarrChatziioannou2020,
       author = {{Farr}, Will M. and {Chatziioannou}, Katerina},
        title = "{A Population-Informed Mass Estimate for Pulsar J0740+6620}",
      journal = {Research Notes of the American Astronomical Society},
     keywords = {Neutron stars, 1108, Astrophysics - Astrophysics of Galaxies, Astrophysics - Solar and Stellar Astrophysics},
         year = 2020,
        month = may,
       volume = {4},
       number = {5},
          eid = {65},
        pages = {65},
          doi = {10.3847/2515-5172/ab9088},
archivePrefix = {arXiv},
       eprint = {2005.00032},
 primaryClass = {astro-ph.GA},
       adsurl = {https://ui.adsabs.harvard.edu/abs/2020RNAAS...4...65F},
      adsnote = {Provided by the SAO/NASA Astrophysics Data System}
}

@ARTICLE{KiziltanKottas2013,
       author = {{Kiziltan}, B{\"u}lent and {Kottas}, Athanasios and {De Yoreo}, Maria and {Thorsett}, Stephen E.},
        title = "{The Neutron Star Mass Distribution}",
      journal = {\apj},
     keywords = {binaries: general, methods: statistical, pulsars: general, stars: fundamental parameters, stars: neutron, stars: statistics, Astrophysics - Astrophysics of Galaxies, Astrophysics - Solar and Stellar Astrophysics, Statistics - Applications},
         year = 2013,
        month = nov,
       volume = {778},
       number = {1},
          eid = {66},
        pages = {66},
          doi = {10.1088/0004-637X/778/1/66},
archivePrefix = {arXiv},
       eprint = {1011.4291},
 primaryClass = {astro-ph.GA},
       adsurl = {https://ui.adsabs.harvard.edu/abs/2013ApJ...778...66K},
      adsnote = {Provided by the SAO/NASA Astrophysics Data System}
}

@ARTICLE{TaylorGair2012,
       author = {{Taylor}, Stephen R. and {Gair}, Jonathan R. and {Mandel}, Ilya},
        title = "{Cosmology using advanced gravitational-wave detectors alone}",
      journal = {\prd},
     keywords = {98.80.Es, 04.30.Tv, 04.80.Nn, 95.85.Sz, Observational cosmology, Gravitational-wave astrophysics, Gravitational wave detectors and experiments, Gravitational radiation magnetic fields and other observations, General Relativity and Quantum Cosmology, Astrophysics - Cosmology and Extragalactic Astrophysics},
         year = 2012,
        month = jan,
       volume = {85},
       number = {2},
          eid = {023535},
        pages = {023535},
          doi = {10.1103/PhysRevD.85.023535},
archivePrefix = {arXiv},
       eprint = {1108.5161},
 primaryClass = {gr-qc},
       adsurl = {https://ui.adsabs.harvard.edu/abs/2012PhRvD..85b3535T},
      adsnote = {Provided by the SAO/NASA Astrophysics Data System}
}

@ARTICLE{RileyWatts2019,
       author = {{Riley}, T.~E. and {Watts}, A.~L. and {Bogdanov}, S. and {Ray}, P.~S. and {Ludlam}, R.~M. and others},
        title = "{A NICER View of PSR J0030+0451: Millisecond Pulsar Parameter Estimation}",
      journal = {ApJL},
     keywords = {Matter density, Rotation powered pulsars, Millisecond pulsars, Pulsars, X-ray stars, Neutron stars, Neutron star cores, Nuclear astrophysics, 1014, 1408, 1062, 1306, 1823, 1108, 1107, 1129, Astrophysics - High Energy Astrophysical Phenomena, Astrophysics - Solar and Stellar Astrophysics, Nuclear Theory},
         year = 2019,
        month = dec,
       volume = {887},
       number = {1},
          eid = {L21},
        pages = {L21},
          doi = {10.3847/2041-8213/ab481c},
archivePrefix = {arXiv},
       eprint = {1912.05702},
 primaryClass = {astro-ph.HE},
       adsurl = {https://ui.adsabs.harvard.edu/abs/2019ApJ...887L..21R},
      adsnote = {Provided by the SAO/NASA Astrophysics Data System}
}

@ARTICLE{Schaffner-BielichHanauske2002,
       author = {{Schaffner-Bielich}, J{\"u}rgen and {Hanauske}, Matthias and {St{\"o}cker}, Horst and {Greiner}, Walter},
        title = "{Phase Transition to Hyperon Matter in Neutron Stars}",
      journal = {PhRvL},
     keywords = {26.60.+c, 21.65.+f, 97.60.Gb, 97.60.Jd, Nuclear matter aspects of neutron stars, Nuclear matter, Pulsars, Neutron stars, Astrophysics, Nuclear Theory},
         year = 2002,
        month = jan,
       volume = {89},
       number = {17},
          eid = {171101},
        pages = {171101},
          doi = {10.1103/PhysRevLett.89.171101},
archivePrefix = {arXiv},
       eprint = {astro-ph/0005490},
 primaryClass = {astro-ph},
       adsurl = {https://ui.adsabs.harvard.edu/abs/2002PhRvL..89q1101S},
      adsnote = {Provided by the SAO/NASA Astrophysics Data System}
}

@ARTICLE{ZacchiTolos2017,
       author = {{Zacchi}, Andreas and {Tolos}, Laura and {Schaffner-Bielich}, J{\"u}rgen},
        title = "{Twin stars within the SU(3) chiral quark-meson model}",
      journal = {PhRvD},
     keywords = {Astrophysics - High Energy Astrophysical Phenomena, High Energy Physics - Phenomenology, Nuclear Theory},
         year = 2017,
        month = may,
       volume = {95},
       number = {10},
          eid = {103008},
        pages = {103008},
          doi = {10.1103/PhysRevD.95.103008},
archivePrefix = {arXiv},
       eprint = {1612.06167},
 primaryClass = {astro-ph.HE},
       adsurl = {https://ui.adsabs.harvard.edu/abs/2017PhRvD..95j3008Z},
      adsnote = {Provided by the SAO/NASA Astrophysics Data System}
}

@ARTICLE{AlfordSedrakian2017,
       author = {{Alford}, Mark and {Sedrakian}, Armen},
        title = "{Compact Stars with Sequential QCD Phase Transitions}",
      journal = {PhRvL},
     keywords = {Astrophysics - High Energy Astrophysical Phenomena, High Energy Physics - Phenomenology, Nuclear Theory},
         year = 2017,
        month = oct,
       volume = {119},
       number = {16},
          eid = {161104},
        pages = {161104},
          doi = {10.1103/PhysRevLett.119.161104},
archivePrefix = {arXiv},
       eprint = {1706.01592},
 primaryClass = {astro-ph.HE},
       adsurl = {https://ui.adsabs.harvard.edu/abs/2017PhRvL.119p1104A},
      adsnote = {Provided by the SAO/NASA Astrophysics Data System}
}

@ARTICLE{ZdunikHaensel2013,
       author = {{Zdunik}, J.~L. and {Haensel}, P.},
        title = "{Maximum mass of neutron stars and strange neutron-star cores}",
      journal = {A\&A},
     keywords = {dense matter, equation of state, stars: neutron, Astrophysics - Solar and Stellar Astrophysics, Nuclear Theory},
         year = 2013,
        month = mar,
       volume = {551},
          eid = {A61},
        pages = {A61},
          doi = {10.1051/0004-6361/201220697},
archivePrefix = {arXiv},
       eprint = {1211.1231},
 primaryClass = {astro-ph.SR},
       adsurl = {https://ui.adsabs.harvard.edu/abs/2013A&A...551A..61Z},
      adsnote = {Provided by the SAO/NASA Astrophysics Data System}
}

@ARTICLE{AkutsuAndo2021,
       author = {{Akutsu}, T. and {Ando}, M. and {Arai}, K. and {Arai}, Y. and {Araki}, S. and others},
        title = "{Overview of KAGRA: Calibration, detector characterization, physical environmental monitors, and the geophysics interferometer}",
      journal = {PTEP},
     keywords = {F32, General Relativity and Quantum Cosmology, Astrophysics - Instrumentation and Methods for Astrophysics},
         year = 2021,
        month = may,
       volume = {2021},
       number = {5},
          eid = {05A102},
        pages = {05A102},
          doi = {10.1093/ptep/ptab018},
archivePrefix = {arXiv},
       eprint = {2009.09305},
 primaryClass = {gr-qc},
       adsurl = {https://ui.adsabs.harvard.edu/abs/2021PTEP.2021eA102A},
      adsnote = {Provided by the SAO/NASA Astrophysics Data System}
}

@ARTICLE{ReinhardFlocard1995,
       author = {{Reinhard}, P. -G. and {Flocard}, H.},
        title = "{Nuclear effective forces and isotope shifts}",
      journal = {NuPhA},
         year = 1995,
        month = feb,
       volume = {584},
       number = {3},
        pages = {467-488},
          doi = {10.1016/0375-9474(94)00770-N},
       adsurl = {https://ui.adsabs.harvard.edu/abs/1995NuPhA.584..467R},
      adsnote = {Provided by the SAO/NASA Astrophysics Data System}
}

@ARTICLE{AgrawalShlomo2003,
       author = {{Agrawal}, B.~K. and {Shlomo}, S. and {Kim Au}, V.},
        title = "{Nuclear matter incompressibility coefficient in relativistic and nonrelativistic microscopic models}",
      journal = {PhRvC},
     keywords = {21.65.+f, 24.30.Cz, 21.60.Jz, 21.10.Re, Nuclear matter, Giant resonances, Hartree-Fock and random-phase approximations, Collective levels, Nuclear Theory},
         year = 2003,
        month = sep,
       volume = {68},
       number = {3},
          eid = {031304},
        pages = {031304},
          doi = {10.1103/PhysRevC.68.031304},
archivePrefix = {arXiv},
       eprint = {nucl-th/0308042},
 primaryClass = {nucl-th},
       adsurl = {https://ui.adsabs.harvard.edu/abs/2003PhRvC..68c1304A},
      adsnote = {Provided by the SAO/NASA Astrophysics Data System}
}

@ARTICLE{BertulaniValencia2019,
       author = {{Bertulani}, C.~A. and {Valencia}, J.},
        title = "{Neutron skins as laboratory constraints on properties of neutron stars and on what we can learn from heavy ion fragmentation reactions}",
      journal = {PhRvC},
     keywords = {Nuclear Theory},
         year = 2019,
        month = jul,
       volume = {100},
       number = {1},
          eid = {015802},
        pages = {015802},
          doi = {10.1103/PhysRevC.100.015802},
archivePrefix = {arXiv},
       eprint = {1904.01078},
 primaryClass = {nucl-th},
       adsurl = {https://ui.adsabs.harvard.edu/abs/2019PhRvC.100a5802B},
      adsnote = {Provided by the SAO/NASA Astrophysics Data System}
}

@ARTICLE{ReedFattoyev2021,
       author = {{Reed}, Brendan T. and {Fattoyev}, F.~J. and {Horowitz}, C.~J. and {Piekarewicz}, J.},
        title = "{Implications of PREX-2 on the Equation of State of Neutron-Rich Matter}",
      journal = {PhRvL},
     keywords = {Nuclear Theory, Astrophysics - Solar and Stellar Astrophysics, Nuclear Experiment},
         year = 2021,
        month = apr,
       volume = {126},
       number = {17},
          eid = {172503},
        pages = {172503},
          doi = {10.1103/PhysRevLett.126.172503},
archivePrefix = {arXiv},
       eprint = {2101.03193},
 primaryClass = {nucl-th},
       adsurl = {https://ui.adsabs.harvard.edu/abs/2021PhRvL.126q2503R},
      adsnote = {Provided by the SAO/NASA Astrophysics Data System}
}

@ARTICLE{PatricelliBernardini2022,
       author = {{Patricelli}, Barbara and {Bernardini}, Maria Grazia and {Mapelli}, Michela and {D'Avanzo}, Paolo and {Santoliquido}, Filippo and others},
        title = "{Prospects for multimessenger detection of binary neutron star mergers in the fourth LIGO-Virgo-KAGRA observing run}",
      journal = {MNRAS},
     keywords = {gravitational waves, gamma-ray bursts, neutron star mergers, Astrophysics - High Energy Astrophysical Phenomena, General Relativity and Quantum Cosmology},
         year = 2022,
        month = jul,
       volume = {513},
       number = {3},
        pages = {4159-4168},
          doi = {10.1093/mnras/stac1167},
archivePrefix = {arXiv},
       eprint = {2204.12504},
 primaryClass = {astro-ph.HE},
       adsurl = {https://ui.adsabs.harvard.edu/abs/2022MNRAS.513.4159P},
      adsnote = {Provided by the SAO/NASA Astrophysics Data System}
}

@ARTICLE{ColomboSalafia2022,
       author = {{Colombo}, Alberto and {Salafia}, Om Sharan and {Gabrielli}, Francesco and {Ghirlanda}, Giancarlo and {Giacomazzo}, Bruno and others},
        title = "{Multi-messenger Observations of Binary Neutron Star Mergers in the O4 Run}",
      journal = {ApJ},
     keywords = {Transient sources, Gravitational waves, Gravitational wave astronomy, Neutron stars, 1851, 678, 675, 1108, Astrophysics - High Energy Astrophysical Phenomena, General Relativity and Quantum Cosmology},
         year = 2022,
        month = oct,
       volume = {937},
       number = {2},
          eid = {79},
        pages = {79},
          doi = {10.3847/1538-4357/ac8d00},
archivePrefix = {arXiv},
       eprint = {2204.07592},
 primaryClass = {astro-ph.HE},
       adsurl = {https://ui.adsabs.harvard.edu/abs/2022ApJ...937...79C},
      adsnote = {Provided by the SAO/NASA Astrophysics Data System}
}

@ARTICLE{Foreman-MackeyHogg2013,
       author = {{Foreman-Mackey}, Daniel and {Hogg}, David W. and {Lang}, Dustin and {Goodman}, Jonathan},
        title = "{emcee: The MCMC Hammer}",
      journal = {PASP},
     keywords = {Astrophysics - Instrumentation and Methods for Astrophysics, Physics - Computational Physics, Statistics - Computation},
         year = 2013,
        month = mar,
       volume = {125},
       number = {925},
        pages = {306},
          doi = {10.1086/670067},
archivePrefix = {arXiv},
       eprint = {1202.3665},
 primaryClass = {astro-ph.IM},
       adsurl = {https://ui.adsabs.harvard.edu/abs/2013PASP..125..306F},
      adsnote = {Provided by the SAO/NASA Astrophysics Data System}
}

@ARTICLE{FarrBerry2016,
       author = {{Farr}, Ben and {Berry}, Christopher P.~L. and {Farr}, Will M. and {Haster}, Carl-Johan and {Middleton}, Hannah and others},
        title = "{Parameter Estimation on Gravitational Waves from Neutron-star Binaries with Spinning Components}",
      journal = {ApJ},
     keywords = {gravitational waves, methods: data analysis, stars: neutron, surveys, Astrophysics - High Energy Astrophysical Phenomena, General Relativity and Quantum Cosmology},
         year = 2016,
        month = jul,
       volume = {825},
       number = {2},
          eid = {116},
        pages = {116},
          doi = {10.3847/0004-637X/825/2/116},
archivePrefix = {arXiv},
       eprint = {1508.05336},
 primaryClass = {astro-ph.HE},
       adsurl = {https://ui.adsabs.harvard.edu/abs/2016ApJ...825..116F},
      adsnote = {Provided by the SAO/NASA Astrophysics Data System}
}

@ARTICLE{DietrichKhan2019,
       author = {{Dietrich}, Tim and {Khan}, Sebastian and {Dudi}, Reetika and {Kapadia}, Shasvath J. and {Kumar}, Prayush and others},
        title = "{Matter imprints in waveform models for neutron star binaries: Tidal and self-spin effects}",
      journal = {PhRvD},
     keywords = {General Relativity and Quantum Cosmology, Astrophysics - High Energy Astrophysical Phenomena},
         year = 2019,
        month = jan,
       volume = {99},
       number = {2},
          eid = {024029},
        pages = {024029},
          doi = {10.1103/PhysRevD.99.024029},
archivePrefix = {arXiv},
       eprint = {1804.02235},
 primaryClass = {gr-qc},
       adsurl = {https://ui.adsabs.harvard.edu/abs/2019PhRvD..99b4029D},
      adsnote = {Provided by the SAO/NASA Astrophysics Data System}
}

@ARTICLE{AbbottAbbott2018_ObservingScenarios,
       author = {{Abbott}, B.~P. and {Abbott}, R. and {Abbott}, T.~D. and {Abernathy}, M.~R. and {Acernese}, F. and others},
        title = "{Prospects for observing and localizing gravitational-wave transients with Advanced LIGO, Advanced Virgo and KAGRA}",
      journal = {LRR},
     keywords = {Gravitational waves, Gravitational-wave detectors, Electromagnetic counterparts, Data analysis, General Relativity and Quantum Cosmology, Astrophysics - High Energy Astrophysical Phenomena},
         year = 2018,
        month = apr,
       volume = {21},
       number = {1},
          eid = {3},
        pages = {3},
          doi = {10.1007/s41114-018-0012-9},
archivePrefix = {arXiv},
       eprint = {1304.0670},
 primaryClass = {gr-qc},
       adsurl = {https://ui.adsabs.harvard.edu/abs/2018LRR....21....3A},
      adsnote = {Provided by the SAO/NASA Astrophysics Data System}
}

@ARTICLE{BorhanianSathyaprakash2022,
       author = {{Borhanian}, Ssohrab and {Sathyaprakash}, B.~S.},
        title = "{Listening to the Universe with Next Generation Ground-Based Gravitational-Wave Detectors}",
      journal = {arXiv},
     keywords = {General Relativity and Quantum Cosmology, Astrophysics - Cosmology and Nongalactic Astrophysics, Astrophysics - High Energy Astrophysical Phenomena},
         year = 2022,
        month = feb,
          eid = {arXiv:2202.11048},
        pages = {arXiv:2202.11048},
archivePrefix = {arXiv},
       eprint = {2202.11048},
 primaryClass = {gr-qc},
       adsurl = {https://ui.adsabs.harvard.edu/abs/2022arXiv220211048B},
      adsnote = {Provided by the SAO/NASA Astrophysics Data System}
}

@ARTICLE{SmithBorhanian2021,
       author = {{Smith}, Rory and {Borhanian}, Ssohrab and {Sathyaprakash}, Bangalore and {Hernandez Vivanco}, Francisco and {Field}, Scott E. and others},
        title = "{Bayesian Inference for Gravitational Waves from Binary Neutron Star Mergers in Third Generation Observatories}",
      journal = {PhRvL},
     keywords = {General Relativity and Quantum Cosmology, Astrophysics - High Energy Astrophysical Phenomena, Astrophysics - Instrumentation and Methods for Astrophysics},
         year = 2021,
        month = aug,
       volume = {127},
       number = {8},
          eid = {081102},
        pages = {081102},
          doi = {10.1103/PhysRevLett.127.081102},
archivePrefix = {arXiv},
       eprint = {2103.12274},
 primaryClass = {gr-qc},
       adsurl = {https://ui.adsabs.harvard.edu/abs/2021PhRvL.127h1102S},
      adsnote = {Provided by the SAO/NASA Astrophysics Data System}
}

@ARTICLE{ChristianSchaffner-Bielich2021_Mmax,
       author = {{Christian}, Jan-Erik and {Schaffner-Bielich}, J{\"u}rgen},
        title = "{Supermassive neutron stars rule out twin stars}",
      journal = {PhRvD},
     keywords = {Astrophysics - High Energy Astrophysical Phenomena},
         year = 2021,
        month = mar,
       volume = {103},
       number = {6},
          eid = {063042},
        pages = {063042},
          doi = {10.1103/PhysRevD.103.063042},
archivePrefix = {arXiv},
       eprint = {2011.01001},
 primaryClass = {astro-ph.HE},
       adsurl = {https://ui.adsabs.harvard.edu/abs/2021PhRvD.103f3042C},
      adsnote = {Provided by the SAO/NASA Astrophysics Data System}
}

@ARTICLE{AlfordBurgio2015,
       author = {{Alford}, Mark G. and {Burgio}, G.~F. and {Han}, S. and {Taranto}, G. and {Zappal{\`a}}, D.},
        title = "{Constraining and applying a generic high-density equation of state}",
      journal = {PhRvD},
     keywords = {25.75.Nq, 26.60.-c, 97.60.Jd, Quark deconfinement quark-gluon plasma production and phase transitions, Nuclear matter aspects of neutron stars, Neutron stars, Nuclear Theory, Astrophysics - High Energy Astrophysical Phenomena, High Energy Physics - Phenomenology},
         year = 2015,
        month = oct,
       volume = {92},
       number = {8},
          eid = {083002},
        pages = {083002},
          doi = {10.1103/PhysRevD.92.083002},
archivePrefix = {arXiv},
       eprint = {1501.07902},
 primaryClass = {nucl-th},
       adsurl = {https://ui.adsabs.harvard.edu/abs/2015PhRvD..92h3002A},
      adsnote = {Provided by the SAO/NASA Astrophysics Data System}
}

@ARTICLE{AlfordHan2013,
       author = {{Alford}, Mark G. and {Han}, Sophia and {Prakash}, Madappa},
        title = "{Generic conditions for stable hybrid stars}",
      journal = {PhRvD},
     keywords = {25.75.Nq, 26.60.-c, 97.60.Jd, Quark deconfinement quark-gluon plasma production and phase transitions, Nuclear matter aspects of neutron stars, Neutron stars, Astrophysics - Solar and Stellar Astrophysics, Nuclear Theory},
         year = 2013,
        month = oct,
       volume = {88},
       number = {8},
          eid = {083013},
        pages = {083013},
          doi = {10.1103/PhysRevD.88.083013},
archivePrefix = {arXiv},
       eprint = {1302.4732},
 primaryClass = {astro-ph.SR},
       adsurl = {https://ui.adsabs.harvard.edu/abs/2013PhRvD..88h3013A},
      adsnote = {Provided by the SAO/NASA Astrophysics Data System}
}

@ARTICLE{ChristianZacchi2019,
       author = {{Christian}, Jan-Erik and {Zacchi}, Andreas and {Schaffner-Bielich}, J{\"u}rgen},
        title = "{Signals in the tidal deformability for phase transitions in compact stars with constraints from GW170817}",
      journal = {PhRvD},
     keywords = {Astrophysics - High Energy Astrophysical Phenomena},
         year = 2019,
        month = jan,
       volume = {99},
       number = {2},
          eid = {023009},
        pages = {023009},
          doi = {10.1103/PhysRevD.99.023009},
archivePrefix = {arXiv},
       eprint = {1809.03333},
 primaryClass = {astro-ph.HE},
       adsurl = {https://ui.adsabs.harvard.edu/abs/2019PhRvD..99b3009C},
      adsnote = {Provided by the SAO/NASA Astrophysics Data System}
}

@ARTICLE{Kampfer1981,
       author = {{Kampfer}, B.},
        title = "{On the possibility of stable quark and pion-condensed stars}",
      journal = {JPhA},
         year = 1981,
        month = nov,
       volume = {14},
       number = {11},
        pages = {L471-L475},
          doi = {10.1088/0305-4470/14/11/009},
       adsurl = {https://ui.adsabs.harvard.edu/abs/1981JPhA...14L.471K},
      adsnote = {Provided by the SAO/NASA Astrophysics Data System}
}

@ARTICLE{RileyWatts2021,
       author = {{Riley}, Thomas E. and {Watts}, Anna L. and {Ray}, Paul S. and {Bogdanov}, Slavko and {Guillot}, Sebastien and others},
        title = "{A NICER View of the Massive Pulsar PSR J0740+6620 Informed by Radio Timing and XMM-Newton Spectroscopy}",
      journal = {ApJL},
     keywords = {Millisecond pulsars, Rotation powered pulsars, Pulsars, Radio pulsars, X-ray astronomy, Neutron stars, 1062, 1408, 1306, 1353, 1810, 1108, Astrophysics - High Energy Astrophysical Phenomena, Astrophysics - Solar and Stellar Astrophysics, Nuclear Theory},
         year = 2021,
        month = sep,
       volume = {918},
       number = {2},
          eid = {L27},
        pages = {L27},
          doi = {10.3847/2041-8213/ac0a81},
archivePrefix = {arXiv},
       eprint = {2105.06980},
 primaryClass = {astro-ph.HE},
       adsurl = {https://ui.adsabs.harvard.edu/abs/2021ApJ...918L..27R},
      adsnote = {Provided by the SAO/NASA Astrophysics Data System}
}

@ARTICLE{MillerLamb2021,
       author = {{Miller}, M.~C. and {Lamb}, F.~K. and {Dittmann}, A.~J. and {Bogdanov}, S. and {Arzoumanian}, Z. and others},
        title = "{The Radius of PSR J0740+6620 from NICER and XMM-Newton Data}",
      journal = {ApJL},
     keywords = {X-ray sources, Millisecond pulsars, Neutron stars, Neutron star cores, 1822, 1062, 1108, 1107, Astrophysics - High Energy Astrophysical Phenomena, General Relativity and Quantum Cosmology, Nuclear Experiment, Nuclear Theory},
         year = 2021,
        month = sep,
       volume = {918},
       number = {2},
          eid = {L28},
        pages = {L28},
          doi = {10.3847/2041-8213/ac089b},
archivePrefix = {arXiv},
       eprint = {2105.06979},
 primaryClass = {astro-ph.HE},
       adsurl = {https://ui.adsabs.harvard.edu/abs/2021ApJ...918L..28M},
      adsnote = {Provided by the SAO/NASA Astrophysics Data System}
}

@ARTICLE{AdhikariAlbataineh2021,
       author = {{Adhikari}, D. and {Albataineh}, H. and {Androic}, D. and {Aniol}, K. and {Armstrong}, D.~S. and others},
        title = "{Accurate Determination of the Neutron Skin Thickness of $^{208}$Pb through Parity-Violation in Electron Scattering}",
      journal = {PhRvL},
     keywords = {Nuclear Experiment},
         year = 2021,
        month = apr,
       volume = {126},
       number = {17},
          eid = {172502},
        pages = {172502},
          doi = {10.1103/PhysRevLett.126.172502},
archivePrefix = {arXiv},
       eprint = {2102.10767},
 primaryClass = {nucl-ex},
       adsurl = {https://ui.adsabs.harvard.edu/abs/2021PhRvL.126q2502A},
      adsnote = {Provided by the SAO/NASA Astrophysics Data System}
}

@ARTICLE{MillerLamb2019,
       author = {{Miller}, M.~C. and {Lamb}, F.~K. and {Dittmann}, A.~J. and {Bogdanov}, S. and {Arzoumanian}, Z. and others},
        title = "{PSR J0030+0451 Mass and Radius from NICER Data and Implications for the Properties of Neutron Star Matter}",
      journal = {ApJL},
     keywords = {X-ray sources, Millisecond pulsars, Neutron stars, Neutron star cores, 1822, 1062, 1108, 1107, Astrophysics - High Energy Astrophysical Phenomena, Nuclear Theory},
         year = 2019,
        month = dec,
       volume = {887},
       number = {1},
          eid = {L24},
        pages = {L24},
          doi = {10.3847/2041-8213/ab50c5},
archivePrefix = {arXiv},
       eprint = {1912.05705},
 primaryClass = {astro-ph.HE},
       adsurl = {https://ui.adsabs.harvard.edu/abs/2019ApJ...887L..24M},
      adsnote = {Provided by the SAO/NASA Astrophysics Data System}
}

@ARTICLE{LVC_GW170817eos,
       author = {{Abbott}, B.~P. and {Abbott}, R. and {Abbott}, T.~D. and {Acernese}, F. and {Ackley}, K. and others},
        title = "{GW170817: Measurements of Neutron Star Radii and Equation of State}",
      journal = {\prl},
     keywords = {General Relativity and Quantum Cosmology, Astrophysics - High Energy Astrophysical Phenomena},
         year = 2018,
        month = oct,
       volume = {121},
       number = {16},
          eid = {161101},
        pages = {161101},
          doi = {10.1103/PhysRevLett.121.161101},
archivePrefix = {arXiv},
       eprint = {1805.11581},
 primaryClass = {gr-qc},
       adsurl = {https://ui.adsabs.harvard.edu/abs/2018PhRvL.121p1101A},
      adsnote = {Provided by the SAO/NASA Astrophysics Data System}
}

@article{Cote:2016vla,
    author = "C\^ot\'e, Benoit and Belczynski, Krzysztof and Fryer, Chris L. and Ritter, Christian and Paul, Adam and Wehmeyer, Benjamin and O'Shea, Brian W.",
    title = "{Advanced LIGO Constraints on Neutron Star Mergers and R-Process Sites}",
    eprint = "1610.02405",
    archivePrefix = "arXiv",
    primaryClass = "astro-ph.GA",
    doi = "10.3847/1538-4357/aa5c8d",
    journal = "Astrophys. J.",
    volume = "836",
    number = "2",
    pages = "230",
    year = "2017"
}

@ARTICLE{GlendenningKettner2000,
       author = {{Glendenning}, Norman K. and {Kettner}, Christiane},
        title = "{Possible third family of compact stars more dense than neutron stars}",
      journal = {A\&A},
     keywords = {EQUATION OF STATE, STARS: NEUTRON, Astrophysics},
         year = 2000,
        month = jan,
       volume = {353},
        pages = {L9-L12},
archivePrefix = {arXiv},
       eprint = {astro-ph/9807155},
 primaryClass = {astro-ph},
       adsurl = {https://ui.adsabs.harvard.edu/abs/2000A&A...353L...9G},
      adsnote = {Provided by the SAO/NASA Astrophysics Data System}
}

@article{Dickey1971,
author = {James M. Dickey},
title = {{The Weighted Likelihood Ratio, Linear Hypotheses on Normal Location Parameters}},
volume = {42},
journal = {The Annals of Mathematical Statistics},
number = {1},
publisher = {Institute of Mathematical Statistics},
pages = {204 -- 223},
year = {1971},
doi = {10.1214/aoms/1177693507},
URL = {https://doi.org/10.1214/aoms/1177693507}
}

@ARTICLE{PangDietrich2020,
       author = {{Pang}, Peter T.~H. and {Dietrich}, Tim and {Tews}, Ingo and {Van Den Broeck}, Chris},
        title = "{Parameter estimation for strong phase transitions in supranuclear matter using gravitational-wave astronomy}",
      journal = {PhRvR},
     keywords = {Astrophysics - High Energy Astrophysical Phenomena, General Relativity and Quantum Cosmology, Nuclear Theory},
         year = 2020,
        month = sep,
       volume = {2},
       number = {3},
          eid = {033514},
        pages = {033514},
          doi = {10.1103/PhysRevResearch.2.033514},
archivePrefix = {arXiv},
       eprint = {2006.14936},
 primaryClass = {astro-ph.HE},
       adsurl = {https://ui.adsabs.harvard.edu/abs/2020PhRvR...2c3514P},
      adsnote = {Provided by the SAO/NASA Astrophysics Data System}
}

@ARTICLE{SchertlerGreiner2000,
       author = {{Schertler}, K. and {Greiner}, C. and {Schaffner-Bielich}, J. and {Thoma}, M.~H.},
        title = "{Quark phases in neutron stars and a third family of compact stars as signature for phase transitions$^{1}$}",
      journal = {NuPhA},
     keywords = {Astrophysics, High Energy Physics - Phenomenology, Nuclear Theory},
         year = 2000,
        month = sep,
       volume = {677},
       number = {1-4},
        pages = {463-490},
          doi = {10.1016/S0375-9474(00)00305-5},
archivePrefix = {arXiv},
       eprint = {astro-ph/0001467},
 primaryClass = {astro-ph},
       adsurl = {https://ui.adsabs.harvard.edu/abs/2000NuPhA.677..463S},
      adsnote = {Provided by the SAO/NASA Astrophysics Data System}
}

@ARTICLE{AshtonHubner2019,
       author = {{Ashton}, Gregory and {H{\"u}bner}, Moritz and {Lasky}, Paul D. and {Talbot}, Colm and {Ackley}, Kendall and others},
        title = "{BILBY: A User-friendly Bayesian Inference Library for Gravitational-wave Astronomy}",
      journal = {ApJS},
     keywords = {gravitational waves, methods: data analysis, methods: statistical, stars: black holes, stars: neutron, Astrophysics - Instrumentation and Methods for Astrophysics, Astrophysics - High Energy Astrophysical Phenomena, General Relativity and Quantum Cosmology},
         year = 2019,
        month = apr,
       volume = {241},
       number = {2},
          eid = {27},
        pages = {27},
          doi = {10.3847/1538-4365/ab06fc},
archivePrefix = {arXiv},
       eprint = {1811.02042},
 primaryClass = {astro-ph.IM},
       adsurl = {https://ui.adsabs.harvard.edu/abs/2019ApJS..241...27A},
      adsnote = {Provided by the SAO/NASA Astrophysics Data System}
}